@article{anfinsen2009,
  title={Estimation of the equivalent number of looks in polarimetric synthetic aperture radar imagery},
  author={Anfinsen, Stian Normann and Doulgeris, Anthony P and Eltoft, Torbj{\o}rn},
  journal={IEEE Transactions on Geoscience and Remote Sensing},
  volume={47},
  number={11},
  pages={3795--3809},
  year={2009},
  publisher={IEEE}
}

@article{freitas_frery_2005,
  title={The polarimetric g distribution for SAR data analysis},
  author={Freitas, Corina C and Frery, Alejandro C and Correia, Antonio H},
  journal={Environmetrics},
  volume={16},
  number={1},
  pages={13--31},
  year={2005},
  publisher={Wiley Online Library}
}

@article{goodman1963,
author = "Goodman, N. R.",
doi = "10.1214/aoms/1177704251",
fjournal = "The Annals of Mathematical Statistics",
journal = "Ann. Math. Statist.",
month = "03",
number = "1",
pages = "178--180",
publisher = "The Institute of Mathematical Statistics",
title = "The Distribution of the Determinant of a Complex Wishart Distributed Matrix",
url = "http://dx.doi.org/10.1214/aoms/1177704251",
volume = "34",
year = "1963"
}

@Article{lee94,
  Title                    = {Intensity and phase statistics of multilook polarimetric and interferometric {SAR} imagery},
  Author                   = {Lee, J. S. and Hoppel, K. W. and Mango, S. A. and Miller, A. R.},
  Journal                  = {IEEE Transactions on Geoscience and Remote Sensing},
  Pages                    = {1017--1028},
  Volume                   = {32},
  Year                     = {1994},
  Month                    = sep,
  Number                   = {5},
  Doi                      = {10.1109/36.312890},
}

@article{salicru_pardo_1994,
title = "On the Applications of Divergence Type Measures in Testing Statistical Hypotheses",
journal = "Journal of Multivariate Analysis",
volume = "51",
number = "2",
pages = "372 - 391",
year = "1994",
note = "",
issn = "0047-259X",
doi = "http://dx.doi.org/10.1006/jmva.1994.1068",
url = "http://www.sciencedirect.com/science/article/pii/S0047259X84710682",
author = "M. Salicru and D. Morales and M.L. Menendez and L. Pardo",
}
